<?xml version="1.0" encoding="UTF-8"?><collection xmlns="http://www.loc.gov/MARC21/slim"><record><leader>00666nam--2200205-i-4500</leader><controlfield tag="001">000013668</controlfield><controlfield tag="002">20161230</controlfield><controlfield tag="005">20161230201030</controlfield><controlfield tag="008">060222s1000------------r-----000-0-eng-d</controlfield><datafield ind1=" " ind2=" " tag="020"><subfield code="a">0198519478</subfield></datafield><datafield ind1=" " ind2=" " tag="040"><subfield code="a">IFIN-HH</subfield></datafield><datafield ind1=" " ind2=" " tag="080"><subfield code="a">539.125.172:539.125.164(061.3)</subfield></datafield><datafield ind1="1" ind2=" " tag="100"><subfield code="a">Bonse, U</subfield></datafield><datafield ind1="1" ind2="0" tag="245"><subfield code="a">Neutron interferometry</subfield><subfield code="b">Proceedings of an international workshop held 5-7 june, 1978 at the institut max von laue-paul langevin, grenoble</subfield><subfield code="c">U. bonse, h. rauch (eds.)</subfield></datafield><datafield ind1=" " ind2=" " tag="260"><subfield code="a">Oxford</subfield><subfield code="b">Clarendon Press</subfield><subfield code="c">1979</subfield></datafield><datafield ind1=" " ind2=" " tag="300"><subfield code="a">X + 488 P</subfield></datafield><datafield ind1=" " ind2=" " tag="490"><subfield code="a">Oxford Science Publications</subfield></datafield><datafield ind1="1" ind2=" " tag="700"><subfield code="a">Rauch, H</subfield><subfield code="e">Ed</subfield></datafield><datafield ind1=" " ind2=" " tag="852"><subfield code="a">49183</subfield><subfield code="c">539.12</subfield></datafield><datafield ind1=" " ind2=" " tag="CAT"><subfield code="a">Sys</subfield><subfield code="c">20111207</subfield><subfield code="h">165415</subfield></datafield></record></collection>